<?xml version="1.0" encoding="UTF-8"?><collection xmlns="http://www.loc.gov/MARC21/slim"><record><leader>00663nam--2200181-i-4500</leader><controlfield tag="001">000036744</controlfield><controlfield tag="002">20161230</controlfield><controlfield tag="005">20161230201041</controlfield><controlfield tag="008">060222s1000------------r-----000-0-fre-d</controlfield><datafield ind1=" " ind2=" " tag="040"><subfield code="a">IFIN-HH</subfield></datafield><datafield ind1=" " ind2=" " tag="041"><subfield code="a">fre</subfield></datafield><datafield ind1=" " ind2=" " tag="080"><subfield code="a">539.196.5(043)</subfield></datafield><datafield ind1="1" ind2=" " tag="100"><subfield code="a">Pochat, Amedee</subfield></datafield><datafield ind1="1" ind2="0" tag="245"><subfield code="a">Determination de sections efficaces differentielles d`excitation d`atomes et de molecules par impacts d`electrons et mesure absolue de durees de vie d`etats excites, par une methode de coincidences electron-photon</subfield><subfield code="b">These</subfield><subfield code="c">Amedee pochat</subfield></datafield><datafield ind1=" " ind2=" " tag="260"><subfield code="a">Brest</subfield><subfield code="b">Universite De Bretagne Occidentale</subfield><subfield code="c">1973</subfield></datafield><datafield ind1=" " ind2=" " tag="300"><subfield code="a">169P</subfield></datafield><datafield ind1=" " ind2=" " tag="852"><subfield code="a">42116</subfield><subfield code="c">537.533.3</subfield></datafield><datafield ind1=" " ind2=" " tag="CAT"><subfield code="a">Sys</subfield><subfield code="c">20110901</subfield><subfield code="h">101356</subfield></datafield></record></collection>